<record xmlns="http://www.loc.gov/MARC21/slim">
  <leader>02518ctma 2200481Ma 4500</leader>
  <controlfield tag="001">ocm64758414 </controlfield>
  <controlfield tag="003">OCoLC</controlfield>
  <controlfield tag="005">20211004132912.0</controlfield>
  <controlfield tag="008">000622q14001450fr a 000 0 lat d</controlfield>
  <datafield ind1=" " ind2=" " tag="040">
    <subfield code="a">COO</subfield>
    <subfield code="b">eng</subfield>
    <subfield code="e">amremm</subfield>
    <subfield code="c">COO</subfield>
    <subfield code="d">OCLCQ</subfield>
    <subfield code="d">OCLCA</subfield>
  </datafield>
  <datafield ind1=" " ind2=" " tag="035">
    <subfield code="a">(OCoLC)64758414</subfield>
  </datafield>
  <datafield ind1=" " ind2=" " tag="049">
    <subfield code="a">COOO</subfield>
  </datafield>
  <datafield ind1="0" ind2=" " tag="100">
    <subfield code="a">Richard,</subfield>
    <subfield code="c">of St. Victor,</subfield>
    <subfield code="d">-1173.</subfield>
  </datafield>
  <datafield ind1="1" ind2="0" tag="245">
    <subfield code="a">De patriarchis.</subfield>
  </datafield>
  <datafield ind1=" " ind2=" " tag="260">
    <subfield code="a">[France,</subfield>
    <subfield code="c">between ca. 1400 and ca. 1450]</subfield>
  </datafield>
  <datafield ind1=" " ind2=" " tag="300">
    <subfield code="a">36 leaves :</subfield>
    <subfield code="b">parchment, ill. ;</subfield>
    <subfield code="c">210 x 150 (150 x 99) mm. bound to 220 x 155 mm.</subfield>
  </datafield>
  <datafield ind1=" " ind2=" " tag="336">
    <subfield code="a">text</subfield>
    <subfield code="b">txt</subfield>
    <subfield code="2">rdacontent</subfield>
  </datafield>
  <datafield ind1=" " ind2=" " tag="337">
    <subfield code="a">unmediated</subfield>
    <subfield code="b">n</subfield>
    <subfield code="2">rdamedia</subfield>
  </datafield>
  <datafield ind1=" " ind2=" " tag="338">
    <subfield code="a">volume</subfield>
    <subfield code="b">nc</subfield>
    <subfield code="2">rdacarrier</subfield>
  </datafield>
  <datafield ind1=" " ind2=" " tag="500">
    <subfield code="a">Ms. codex.</subfield>
  </datafield>
  <datafield ind1=" " ind2=" " tag="546">
    <subfield code="a">Text in Latin.</subfield>
  </datafield>
  <datafield ind1=" " ind2=" " tag="530">
    <subfield code="a">Also on microfilm.</subfield>
  </datafield>
  <datafield ind1=" " ind2=" " tag="500">
    <subfield code="a">Layout: Written in 31-37 long lines, above top line; framed in
      lead.</subfield>
  </datafield>
  <datafield ind1=" " ind2=" " tag="500">
    <subfield code="a">Script: Textual Gothic cursive (batard).</subfield>
  </datafield>
  <datafield ind1=" " ind2=" " tag="500">
    <subfield code="a">Decoration: Large blue initial on f. 1r; decorative pen-strokes, mostly in
      red, filling areas where script has been omitted due to imperfections in the
      parchment.</subfield>
  </datafield>
  <datafield ind1=" " ind2=" " tag="500">
    <subfield code="a">Binding: 19th cent., half-calf.</subfield>
  </datafield>
  <datafield ind1=" " ind2=" " tag="500">
    <subfield code="a">The folios in each quire are often numbered (1-8 or 1-4) in medieval Arabic
      numerals located in the bottom margin of the recto side.</subfield>
  </datafield>
  <datafield ind1=" " ind2=" " tag="500">
    <subfield code="a">Origin: Written in France, first half of the 15th century.</subfield>
  </datafield>
  <datafield ind1=" " ind2=" " tag="561">
    <subfield code="a">Provenance: Obtained by A.D. White before 1878. Received by the White Library
      in 1891.</subfield>
  </datafield>
  <datafield ind1=" " ind2=" " tag="524">
    <subfield code="a">Division of Rare and Manuscript Collections, Cornell University Library,
      Misc. Bd. Ms. 48.</subfield>
  </datafield>
  <datafield ind1="4" ind2=" " tag="510">
    <subfield code="a">De Ricci, S. Census of Medieval and Renaissance Manuscripts in the United
      States and Canada,</subfield>
    <subfield code="c">II, p. 1227</subfield>
  </datafield>
  <datafield ind1=" " ind2=" " tag="500">
    <subfield code="a">Former shelfmark: MSS Bd. Rare BX R51.</subfield>
  </datafield>
  <datafield ind1=" " ind2=" " tag="500">
    <subfield code="a">Related shelfmark: MS B.10 (De Ricci).</subfield>
  </datafield>
  <datafield ind1=" " ind2=" " tag="581">
    <subfield code="a">Richard de Saint-Victor, Les douze patriarches ou Benjamin minor, edition and
      French translation, by Jean Châtillon and Monique Duchet-Suchaux (Paris: Les Editions du CERF,
      1997; Sources Chrétiennes, No. 419).</subfield>
  </datafield>
  <datafield ind1=" " ind2="0" tag="650">
    <subfield code="a">Theology</subfield>
    <subfield code="v">Early works to 1800.</subfield>
  </datafield>
  <datafield ind1=" " ind2="7" tag="650">
    <subfield code="a">Theology.</subfield>
    <subfield code="2">fast</subfield>
    <subfield code="0">(OCoLC)fst01149559</subfield>
  </datafield>
  <datafield ind1=" " ind2="7" tag="655">
    <subfield code="a">Gothic scripts.</subfield>
    <subfield code="2">aat</subfield>
  </datafield>
  <datafield ind1=" " ind2="7" tag="655">
    <subfield code="a">Early works.</subfield>
    <subfield code="2">fast</subfield>
    <subfield code="0">(OCoLC)fst01411636</subfield>
  </datafield>
  <datafield ind1="1" ind2=" " tag="700">
    <subfield code="a">White, Andrew Dickson,</subfield>
    <subfield code="d">1832-1918.</subfield>
  </datafield>
  <datafield ind1="2" ind2=" " tag="710">
    <subfield code="a">Cornell University.</subfield>
    <subfield code="b">Library.</subfield>
    <subfield code="b">Division of Rare and Manuscript Collections.</subfield>
    <subfield code="k">Manuscript.</subfield>
    <subfield code="n">Misc. Bd. Ms. 48.</subfield>
  </datafield>
  <datafield ind1=" " ind2=" " tag="752">
    <subfield code="a">France.</subfield>
  </datafield>
  <datafield ind1="0" ind2="8" tag="776">
    <subfield code="i">Online version:</subfield>
    <subfield code="a">Richard, of St. Victor, -1173.</subfield>
    <subfield code="t">De patriarchis.</subfield>
    <subfield code="d">[France, between ca. 1400 and ca. 1450]</subfield>
    <subfield code="w">(OCoLC)1129079633</subfield>
  </datafield>
  <datafield ind1=" " ind2=" " tag="994">
    <subfield code="a">C0</subfield>
    <subfield code="b">COO</subfield>
  </datafield>
</record>
